<?xml version="1.0" encoding="UTF-8"?><record xmlns="http://www.loc.gov/MARC21/slim" xmlns:cinclude="http://apache.org/cocoon/include/1.0" xmlns:zs="http://www.loc.gov/zing/srw/">
  <leader>00666cz  a2200157n  4500</leader>
  <controlfield tag="001">n 2013004588</controlfield>
  <controlfield tag="003">DLC</controlfield>
  <controlfield tag="005">20130130074906.0</controlfield>
  <controlfield tag="008">130129n| acannaabn          |n aaa      </controlfield>
  <datafield tag="010" ind1=" " ind2=" ">
    <subfield code="a">n 2013004588</subfield>
  </datafield>
  <datafield tag="040" ind1=" " ind2=" ">
    <subfield code="a">DLC</subfield>
    <subfield code="b">eng</subfield>
    <subfield code="c">DLC</subfield>
  </datafield>
  <datafield tag="100" ind1="1" ind2=" ">
    <subfield code="a">Ruders, Poul,</subfield>
    <subfield code="d">1949-</subfield>
    <subfield code="t">Nightshade</subfield>
  </datafield>
  <datafield tag="670" ind1=" " ind2=" ">
    <subfield code="a">Ruders, P. Four dances [SR] p2009:</subfield>
    <subfield code="b">container (Nightshade; 1987)</subfield>
  </datafield>
  <datafield tag="670" ind1=" " ind2=" ">
    <subfield code="a">Grove music online WWW site, Jan. 29, 2013:</subfield>
    <subfield code="b">(Large chbr ens: Nightshade, 10 insts, 1987)</subfield>
  </datafield>
  <datafield tag="670" ind1=" " ind2=" ">
    <subfield code="a">LC database, Jan. 29, 2013:</subfield>
    <subfield code="b">LCCN 99584465 (a.e.: Nightshade, no. 1)</subfield>
  </datafield>
  <datafield tag="670" ind1=" " ind2=" ">
    <subfield code="a">Edition Wilhelm Hansen WWW site, viewed Jan. 29, 2013:</subfield>
    <subfield code="b">Poul Ruders page (Nightshade; the piece is a tone-poem of sorts)</subfield>
  </datafield>
</record>